@article{einstein1905does,
author = {Einstein, A},
journal = {Annalen der Physik},
pages = {639--641},
title = {{Does the inertia of a body depend upon its energy-content?}},
volume = {18},
year = {1905}
}
